@article{1,
  author =       "B. N. Eason and I.N. Sneddon",
  title =        "On certain integrals of Lipschitz-Hankel type involving products of Bessel functions",
  journal =      "Phil. Trans. Roy. Soc. London",
  volume =       "A247",
  pages =        "529-551",
  year =         "April 1955",
}

@article{3,
  author =       "I. S. Jacobs and C.P. Bean",
  title =        "Fine particles, thin films and exchange anisotropy",
  journal =      "G.T. Rado and H. Suhl",
  volume =       "III",
  pages =        "271-350",
  year =         "1963",
  keywords  =    "Magnetism",
  publisher =    "Eds. New York: Academic",
}

@article{6,
  author =       "{Y. Yorozu, M. Hirano, K. Oka,} and Y. Tagawa",
  title =        "Electron spectroscopy studies on magneto-optical media and plastic substrate interface",
  journal =      "IEEE Transl. J. Magn. Japan",
  volume =       "2",
  pages =        "740-741",
  year =         "August 1987 [Digests 9th Annual Conf. Magnetics Japan, p. 301, 1982]"
}

@unpublished{4,
  author =       "K. Elissa",
  title =        "Title of paper if known",
  note =      "unpublished",
}

@book{2,
    author    = "J. C. Maxwell",
    title     = "A Treatise on Electricity and Magnetism",
    year      = "1892",
    edition   = "3",
    volume    = "2",
    publisher = "Oxford: Clarendon",
    pages     = "68-73",
}

@book{5,
    author    = "R. Nicole",
    title     = "Title of paper with only first word capitalized",
    publisher = "J. Name Stand. Abbrev.",
    year = "in press"
}